<record><leader>00000cas a22000007a 4500</leader><controlfield tag="001">23992286</controlfield><controlfield tag="008">910626d19381939nyuwr ne      0    0eng d</controlfield><datafield ind1=" " ind2=" " tag="010"><subfield code="a">sn 91066613 </subfield></datafield><datafield ind1=" " ind2=" " tag="040"><subfield code="a">NYS</subfield><subfield code="b">eng</subfield><subfield code="c">NYS</subfield><subfield code="d">OCLCQ</subfield></datafield><datafield ind1=" " ind2=" " tag="042"><subfield code="a">msc</subfield></datafield><datafield ind1="0" ind2=" " tag="130"><subfield code="a">Post (Washingtonville, N.Y.)</subfield></datafield><datafield ind1="1" ind2="4" tag="245"><subfield code="a">The post.</subfield></datafield><datafield ind1=" " ind2=" " tag="260"><subfield code="a">Washingtonville, N.Y. :</subfield><subfield code="b">Harrison Press,</subfield><subfield code="c">1938-1939.</subfield></datafield><datafield ind1=" " ind2=" " tag="300"><subfield code="a">1 v.</subfield></datafield><datafield ind1=" " ind2=" " tag="310"><subfield code="a">Weekly</subfield></datafield><datafield ind1="0" ind2=" " tag="362"><subfield code="a">Vol. 1, no. 1 (Feb. 18, 1938)-v. 1, no. 49 (Jan. 20, 1939).</subfield></datafield><datafield ind1=" " ind2="4" tag="651"><subfield code="a">Washingtonville (N.Y.)</subfield><subfield code="v">Newspapers.</subfield></datafield><datafield ind1=" " ind2=" " tag="752"><subfield code="a">United States</subfield><subfield code="b">New York</subfield><subfield code="c">Orange</subfield><subfield code="d">Washingtonville.</subfield></datafield><datafield ind1="0" ind2="0" tag="785"><subfield code="t">Orange County post</subfield><subfield code="w">(DLC)sn 88075657</subfield><subfield code="w">(OCoLC)17395198</subfield></datafield><datafield ind1="1" ind2=" " tag="029"><subfield code="a">AU@</subfield><subfield code="b">000025848538</subfield></datafield></record>